@inproceedings{kempe2003maximizing,
  title     = {Maximizing the Spread of Influence through a Social Network},
  author    = {Kempe, David and Kleinberg, Jon and Tardos, {\'E}va},
  booktitle = {Proceedings of the 9th ACM SIGKDD International Conference on Knowledge Discovery and Data Mining},
  pages     = {137--146},
  year      = {2003},
}

@inproceedings{kempe2005influential,
  title         = {Influential Nodes in a Diffusion Model for Social Networks},
  author        = {Kempe, David and Kleinberg, Jon and Tardos, {\'E}va},
  booktitle     = {Proceedings of the 32nd International Conference on Automata, Languages and Programming},
  pages         = {1127--1138},
  year          = {2005},
}